@book {Euler1984,
  AUTHOR = {Euler, Leonhard},
  TITLE = {Elements of algebra},
  PUBLISHER = {Springer-Verlag, New York},
  YEAR = {1984},
  PAGES = {lx+593},
  ISBN = {0-387-96014-7},
  DOI = {10.1007/978-1-4613-8511-0},
}
@article {Euler1985,
  AUTHOR = {Euler, Leonhard},
  TITLE = {An essay on continued fractions},
  JOURNAL = {Math. Systems Theory},
  FJOURNAL = {Mathematical Systems Theory. An International Journal on Mathematical Computing Theory},
  VOLUME = {18},
  YEAR = {1985},
  NUMBER = {4},
  PAGES = {295--328},
  ISSN = {0025-5661},
  DOI = {10.1007/BF01699475},
}
